@online{GoogleDocs,
  author = {Google},
  title = {{Google Dock Info}},
  year = 2007,
  url = {https://support.google.com/docs/answer/49008?hl=en},
  urldate = {2015-2-3}
}

@online{laTeX,
  author = {Velimir Gayevskiy},
  title = {{Why use LaTeX}},
  year = udatert,
  url = {http://www.latextemplates.com/why-use-latex},
  urldate = {2015-2-13}
}
@online{OverLeaf,
  author = {Overleaf},
  title = {{Overleaf Program}},
  year = 2011,
  url = {https://www.overleaf.com/about},
  urldate = {2015-2-13}
}
